<record><leader>00000cas a22000007a 4500</leader><controlfield tag="001">56770143</controlfield><controlfield tag="008">041019c200u9999paudn n       0   a0eng c</controlfield><datafield ind1=" " ind2=" " tag="010"><subfield code="a">  2004215884</subfield></datafield><datafield ind1=" " ind2=" " tag="040"><subfield code="a">NSD</subfield><subfield code="b">eng</subfield><subfield code="c">NSD</subfield><subfield code="d">OCLCQ</subfield></datafield><datafield ind1=" " ind2=" " tag="012"><subfield code="l">y</subfield><subfield code="m">1</subfield></datafield><datafield ind1="1" ind2=" " tag="022"><subfield code="a">1553-2283</subfield><subfield code="l">1553-2283</subfield><subfield code="y">0746-4843</subfield><subfield code="2">1</subfield></datafield><datafield ind1=" " ind2=" " tag="032"><subfield code="a">181520</subfield><subfield code="b">USPS</subfield></datafield><datafield ind1=" " ind2=" " tag="037"><subfield code="b">Morning Times, 201 N. Lehigh Ave., Sayre, PA 18840</subfield></datafield><datafield ind1=" " ind2=" " tag="042"><subfield code="a">nsdp</subfield><subfield code="a">pcc</subfield></datafield><datafield ind1="1" ind2="0" tag="050"><subfield code="a">ISSN RECORD</subfield></datafield><datafield ind1="0" ind2=" " tag="130"><subfield code="a">Morning times (Sayre, Pa.)</subfield></datafield><datafield ind1=" " ind2="0" tag="222"><subfield code="a">Morning times</subfield><subfield code="b">(Sayre, Pa.)</subfield></datafield><datafield ind1="1" ind2="0" tag="245"><subfield code="a">Morning times.</subfield></datafield><datafield ind1=" " ind2=" " tag="260"><subfield code="a">Sayre, PA :</subfield><subfield code="b">Liberty Group Pennsylvania Holdings, Inc.</subfield></datafield><datafield ind1=" " ind2=" " tag="300"><subfield code="a">v.</subfield></datafield><datafield ind1=" " ind2=" " tag="310"><subfield code="a">Daily (except Sundays and holidays)</subfield></datafield><datafield ind1=" " ind2=" " tag="530"><subfield code="a">Also issued online.</subfield></datafield><datafield ind1=" " ind2=" " tag="588"><subfield code="a">Description based on surrogate of: Vol. 113, no. 149 (Sept. 14, 2004); title from caption.</subfield></datafield><datafield ind1=" " ind2=" " tag="752"><subfield code="a">United States</subfield><subfield code="b">Pennsylvania</subfield><subfield code="c">Bradford</subfield><subfield code="d">Sayre.</subfield></datafield><datafield ind1="0" ind2="0" tag="780"><subfield code="t">Evening times</subfield><subfield code="x">0746-4843</subfield><subfield code="w">(DLC)sn 83003341</subfield><subfield code="w">(OCoLC)10078889</subfield></datafield><datafield ind1="4" ind2="1" tag="856"><subfield code="u">http://www.eveningtimes.com/</subfield></datafield><datafield ind1="1" ind2=" " tag="029"><subfield code="a">AU@</subfield><subfield code="b">000026321550</subfield></datafield></record>